<?xml version="1.0" encoding="UTF-8"?>
<collection xmlns:xsi="http://www.w3.org/2001/XMLSchema-instance" xsi:schemaLocation="http://www.loc.gov/MARC21/slim http://www.loc.gov/standards/marcxml/schema/MARC21slim.xsd" xmlns="http://www.loc.gov/MARC21/slim">
<record>
  <leader>01021cam a2200229Ia 4500</leader>
  <controlfield tag="001">4887363</controlfield>
  <controlfield tag="003">NNC</controlfield>
  <controlfield tag="005">20130501013630.0</controlfield>
  <controlfield tag="008">000413s1881    tu            000 0 arard</controlfield>
  <datafield tag="035" ind1=" " ind2=" ">
    <subfield code="a">(OCoLC)ocm43848378</subfield>
  </datafield>
  <datafield tag="035" ind1=" " ind2=" ">
    <subfield code="a">(NNC)4887363</subfield>
  </datafield>
  <datafield tag="040" ind1=" " ind2=" ">
    <subfield code="a">IUL</subfield>
    <subfield code="c">IUL</subfield>
    <subfield code="d">NNC</subfield>
  </datafield>
  <datafield tag="050" ind1=" " ind2="4">
    <subfield code="a">BP184.4.M215</subfield>
    <subfield code="b">H218 1881</subfield>
  </datafield>
  <datafield tag="100" ind1="1" ind2=" ">
    <subfield code="a">Kūzalḥiṣārī, Muṣṭafá ibn Muḥammad,</subfield>
    <subfield code="d">-1800 or 1801.</subfield>
  </datafield>
  <datafield tag="245" ind1="1" ind2="0">
    <subfield code="a">Ḥilyat al-nājī [ʻalá al-sharḥ al-Ḥalabī /</subfield>
    <subfield code="c">taʾlīf Muṣṭafá ibn Muḥammad ibn Muṣṭafá Judhul al-Ḥiṣārī].</subfield>
  </datafield>
  <datafield tag="260" ind1=" " ind2=" ">
    <subfield code="a">Istanbūl :</subfield>
    <subfield code="b">al-Maṭbaʻah al-ʻUthmānīyah,</subfield>
    <subfield code="c">1299 [1881]</subfield>
  </datafield>
  <datafield tag="300" ind1=" " ind2=" ">
    <subfield code="a">viii, 562 p. ;</subfield>
    <subfield code="c">27 cm.</subfield>
  </datafield>
  <datafield tag="520" ind1=" " ind2=" ">
    <subfield code="a">A commentary on Ibrāhīm al-Ḥalabī's commentary on al-Kashgharī's Munyat al-muṣallī.</subfield>
  </datafield>
  <datafield tag="650" ind1=" " ind2="0">
    <subfield code="a">Prayer</subfield>
    <subfield code="x">Islam.</subfield>
  </datafield>
  <datafield tag="600" ind1="1" ind2="0">
    <subfield code="a">Kāshgharī, Sadīd al-Dīn,</subfield>
    <subfield code="d">active 13th century?</subfield>
    <subfield code="t">Munyat al-muṣallī wa-ghunyat al-mubtadiʼ.</subfield>
  </datafield>
  <datafield tag="600" ind1="1" ind2="0">
    <subfield code="a">Ḥalabī, Ibrāhīm ibn Muṣṭafá,</subfield>
    <subfield code="d">-1776.</subfield>
    <subfield code="t">Sharḥ al-Ḥalabī.</subfield>
  </datafield>
  <datafield tag="955" ind1=" " ind2=" ">
    <subfield code="b">CU07841922</subfield>
    <subfield code="d">off,glx</subfield>
    <subfield code="e">893.799 Sa1</subfield>
  </datafield>
</record>
</collection>